% Use this file for citations not found in the ACL Anthology (contained in "anthology.bib").

@inproceedings{he2016deep,
  title={Deep residual learning for image recognition},
  author={He, Kaiming and Zhang, Xiangyu and Ren, Shaoqing and Sun, Jian},
  booktitle={Proceedings of the IEEE conference on computer vision and pattern recognition},
  pages={770--778},
  year={2016}
}

@inproceedings{vaswani2017attention,
  title={Attention is all you need},
  author={Vaswani, Ashish and Shazeer, Noam and Parmar, Niki and Uszkoreit, Jakob and Jones, Llion and Gomez, Aidan N and Kaiser, {\L}ukasz and Polosukhin, Illia},
  booktitle={Advances in neural information processing systems},
  pages={5998--6008},
  year={2017}
}

@article{dong2021attention,
  title={Attention is not all you need: Pure attention loses rank doubly exponentially with depth},
  author={Dong, Yihe and Cordonnier, Jean-Baptiste and Loukas, Andreas},
  journal={arXiv preprint arXiv:2103.03404},
  year={2021}
}

@article{harper2009replicator,
  title={The replicator equation as an inference dynamic},
  author={Harper, Marc},
  journal={arXiv preprint arXiv:0911.1763},
  year={2009}
}

@article{liu2021pay,
  title={Pay Attention to MLPs},
  author={Liu, Hanxiao and Dai, Zihang and So, David R and Le, Quoc V},
  journal={arXiv preprint arXiv:2105.08050},
  year={2021}
}

@inproceedings{tolstikhin2021mlp,
  title={Mlp-mixer: An all-mlp architecture for vision},
  author={Tolstikhin, Ilya and Houlsby, Neil and Kolesnikov, Alexander and Beyer, Lucas and Zhai, Xiaohua and Unterthiner, Thomas and Yung, Jessica and Steiner, Andreas Peter and Keysers, Daniel and Uszkoreit, Jakob and others},
  booktitle={Thirty-Fifth Conference on Neural Information Processing Systems},
  year={2021}
}

@article{brown2020language,
  title={Language models are few-shot learners},
  author={Brown, Tom B and Mann, Benjamin and Ryder, Nick and Subbiah, Melanie and Kaplan, Jared and Dhariwal, Prafulla and Neelakantan, Arvind and Shyam, Pranav and Sastry, Girish and Askell, Amanda and others},
  journal={arXiv preprint arXiv:2005.14165},
  year={2020}
}

@article{radford2019language,
  title={Language models are unsupervised multitask learners},
  author={Radford, Alec and Wu, Jeffrey and Child, Rewon and Luan, David and Amodei, Dario and Sutskever, Ilya and others},
  journal={OpenAI blog},
  volume={1},
  number={8},
  pages={9},
  year={2019}
}

@article{radford2018improving,
  title={Improving language understanding by generative pre-training},
  author={Radford, Alec and Narasimhan, Karthik and Salimans, Tim and Sutskever, Ilya},
  year={2018}
}

@article{bengio2000neural,
  title={A neural probabilistic language model},
  author={Bengio, Yoshua and Ducharme, R{\'e}jean and Vincent, Pascal},
  journal={Advances in Neural Information Processing Systems},
  volume={13},
  year={2000}
}

@book{murphy2022probabilistic,
  title={Probabilistic machine learning: an introduction},
  author={Murphy, Kevin P},
  year={2022},
  publisher={MIT press}
}

@article{jospin2022hands,
  title={Hands-on Bayesian neural networksâ€”A tutorial for deep learning users},
  author={Jospin, Laurent Valentin and Laga, Hamid and Boussaid, Farid and Buntine, Wray and Bennamoun, Mohammed},
  journal={IEEE Computational Intelligence Magazine},
  volume={17},
  number={2},
  pages={29--48},
  year={2022},
  publisher={IEEE}
}

@article{van2021bayesian,
  title={Bayesian statistics and modelling},
  author={van de Schoot, Rens and Depaoli, Sarah and King, Ruth and Kramer, Bianca and M{\"a}rtens, Kaspar and Tadesse, Mahlet G and Vannucci, Marina and Gelman, Andrew and Veen, Duco and Willemsen, Joukje and others},
  journal={Nature Reviews Methods Primers},
  volume={1},
  number={1},
  pages={1--26},
  year={2021},
  publisher={Nature Publishing Group}
}


@article{dosovitskiy2020image,
  title={An image is worth 16x16 words: Transformers for image recognition at scale},
  author={Dosovitskiy, Alexey and Beyer, Lucas and Kolesnikov, Alexander and Weissenborn, Dirk and Zhai, Xiaohua and Unterthiner, Thomas and Dehghani, Mostafa and Minderer, Matthias and Heigold, Georg and Gelly, Sylvain and others},
  journal={arXiv preprint arXiv:2010.11929},
  year={2020}
}

@inproceedings{guo2017calibration,
  title={On calibration of modern neural networks},
  author={Guo, Chuan and Pleiss, Geoff and Sun, Yu and Weinberger, Kilian Q},
  booktitle={International Conference on Machine Learning},
  pages={1321--1330},
  year={2017},
  organization={PMLR}
}

@article{minderer2021revisiting,
  title={Revisiting the calibration of modern neural networks},
  author={Minderer, Matthias and Djolonga, Josip and Romijnders, Rob and Hubis, Frances and Zhai, Xiaohua and Houlsby, Neil and Tran, Dustin and Lucic, Mario},
  journal={Advances in Neural Information Processing Systems},
  volume={34},
  year={2021}
}

@inproceedings{touvron2021going,
  title={Going deeper with image transformers},
  author={Touvron, Hugo and Cord, Matthieu and Sablayrolles, Alexandre and Synnaeve, Gabriel and J{\'e}gou, Herv{\'e}},
  booktitle={Proceedings of the IEEE/CVF International Conference on Computer Vision},
  pages={32--42},
  year={2021}
}

@inproceedings{jaegle2021perceiver,
  title={Perceiver: General perception with iterative attention},
  author={Jaegle, Andrew and Gimeno, Felix and Brock, Andy and Vinyals, Oriol and Zisserman, Andrew and Carreira, Joao},
  booktitle={International conference on machine learning},
  pages={4651--4664},
  year={2021},
  organization={PMLR}
}

@article{hassani2021escaping,
  title={Escaping the big data paradigm with compact transformers},
  author={Hassani, Ali and Walton, Steven and Shah, Nikhil and Abuduweili, Abulikemu and Li, Jiachen and Shi, Humphrey},
  journal={arXiv preprint arXiv:2104.05704},
  year={2021}
}

@article{gulati2020conformer,
  title={Conformer: Convolution-augmented transformer for speech recognition},
  author={Gulati, Anmol and Qin, James and Chiu, Chung-Cheng and Parmar, Niki and Zhang, Yu and Yu, Jiahui and Han, Wei and Wang, Shibo and Zhang, Zhengdong and Wu, Yonghui and others},
  journal={arXiv preprint arXiv:2005.08100},
  year={2020}
}

@inproceedings{xiong2020layer,
  title={On layer normalization in the transformer architecture},
  author={Xiong, Ruibin and Yang, Yunchang and He, Di and Zheng, Kai and Zheng, Shuxin and Xing, Chen and Zhang, Huishuai and Lan, Yanyan and Wang, Liwei and Liu, Tieyan},
  booktitle={International Conference on Machine Learning},
  pages={10524--10533},
  year={2020},
  organization={PMLR}
}

@article{wang2022deepnet,
  title={Deepnet: Scaling transformers to 1,000 layers},
  author={Wang, Hongyu and Ma, Shuming and Dong, Li and Huang, Shaohan and Zhang, Dongdong and Wei, Furu},
  journal={arXiv preprint arXiv:2203.00555},
  year={2022}
}

@article{beyer2022better,
  title={Better plain vit baselines for imagenet-1k},
  author={Beyer, Lucas and Zhai, Xiaohua and Kolesnikov, Alexander},
  journal={arXiv preprint arXiv:2205.01580},
  year={2022}
}